@article{Samuel,
 author = {Samuel, A. L.},
 title = {Some Studies in Machine Learning Using the Game of Checkers},
 journal = {IBM J. Res. Dev.},
 issue_date = {July 1959},
 volume = {3},
 number = {3},
 month = jul,
 year = {1959},
 issn = {0018-8646},
 pages = {210--229},
 numpages = {20},
 url = {http://dx.doi.org/10.1147/rd.33.0210},
 doi = {10.1147/rd.33.0210},
 acmid = {1661924},
 publisher = {IBM Corp.},
 address = {Riverton, NJ, USA},
} 

@book{Mohri:2012:FML:2371238,
 author = {Mohri, Mehryar and Rostamizadeh, Afshin and Talwalkar, Ameet},
 title = {Foundations of Machine Learning},
 year = {2012},
 isbn = {026201825X, 9780262018258},
 publisher = {The MIT Press},
} 

%BACKGROUND
@book{cv,
  Author = {Jean Ponce David A. Forsyth},
  Title = {Computer Vision: A Modern Approach, 2nd Edition},
  Publisher = {Prentice Hall},
  Year = {2011},
  ISBN = {013608592X},
}


@article{papert,
  title={The summer vision project},
  author={Papert, Seymour A},
  year={1966}
}


@article{sift,
  title={Object recognition from local scale-invariant features},
  author={Lowe, David G},
  booktitle={Computer vision, 1999. The proceedings of the seventh IEEE international conference on},
  volume={2},
  pages={1150--1157},
  year={1999},
  organization={Ieee}
}
@article{nakano2006object,
  title={An Object Detection Method Based on Independent Local Features},
  author={Nakano, Ryouta and Hotta, Kazuhiro and Takahashi, Haruhisa},
  journal={JOURNAL OF ROBOTICS AND MECHATRONICS},
  volume={18},
  number={6},
  pages={744},
  year={2006},
  publisher={FUJI TECHNOLOGY PRESS LTD.}
}


@Misc{231n,
  author =    {Andrej Karpathy},
  title =     {CS231n Convolutional Neural Networks for Visual Recognition},
  year =      {2016},
  url = "http://cs231n.github.io/classification/",
  note = {[Online; accessed 2016-12-28]}
}

@Misc{231nn,
  author =    {Andrej Karpathy},
  title =     {CS231n Convolutional Neural Networks for Visual Recognition},
  year =      {2016},
  url = "http://cs231n.github.io/neural-networks-1/",
  note = {[Online; accessed 2017-01-28]}
}



@article{ImageNet,
Author = {Olga Russakovsky and Jia Deng and Hao Su and Jonathan Krause and Sanjeev Satheesh and Sean Ma and Zhiheng Huang and Andrej Karpathy and Aditya Khosla and Michael Bernstein and Alexander C. Berg and Li Fei-Fei},
Title = {{ImageNet Large Scale Visual Recognition Challenge}},
Year = {2015},
journal   = {International Journal of Computer Vision (IJCV)},
doi = {10.1007/s11263-015-0816-y},
volume={115},
number={3},
pages={211-252}
}

@incollection{alex,
title = {ImageNet Classification with Deep Convolutional Neural Networks},
author = {Alex Krizhevsky and Sutskever, Ilya and Hinton, Geoffrey E},
booktitle = {Advances in Neural Information Processing Systems 25},
editor = {F. Pereira and C. J. C. Burges and L. Bottou and K. Q. Weinberger},
pages = {1097--1105},
year = {2012},
publisher = {Curran Associates, Inc.},
url = {http://papers.nips.cc/paper/4824-imagenet-classification-with-deep-convolutional-neural-networks.pdf}
}


@article{chen2015saliency,
  title={Saliency-aware food image segmentation for personal dietary assessment using a wearable computer},
  author={Chen, Hsin-Chen and Jia, Wenyan and Sun, Xin and Li, Zhaoxin and Li, Yuecheng and Fernstrom, John D and Burke, Lora E and Baranowski, Thomas and Sun, Mingui},
  journal={Measurement Science and Technology},
  volume={26},
  number={2},
  pages={025702},
  year={2015},
  publisher={IOP Publishing}
}


%RESEARCH METHODS%

@Article{ipython,
  Author    = {P\'erez, Fernando and Granger, Brian E.},
  Title     = {{IP}ython: a System for Interactive Scientific Computing},
  Journal   = {Computing in Science and Engineering},
  Volume    = {9},
  Number    = {3},
  Pages     = {21--29},
  month     = may,
  year      = 2007,
  url       = "http://ipython.org",
  ISSN      = "1521-9615",
  doi       = {10.1109/MCSE.2007.53},
  publisher = {IEEE Computer Society},
}


@book{Ting2010,
author="Ting, Kai Ming",
editor="Sammut, Claude
and Webb, Geoffrey I.",
title="Confusion Matrix",
bookTitle="Encyclopedia of Machine Learning",
year="2010",
publisher="Springer US",
address="Boston, MA",
pages="209--209",
isbn="978-0-387-30164-8",
doi="10.1007/978-0-387-30164-8_157",
url="http://dx.doi.org/10.1007/978-0-387-30164-8_157"
}

@book{ting2011,
  author={Ting, Kai Ming},
  title={Encyclopedia of machine learning},
  year={2011},
  publisher={Springer}
}



%c4

@article{unreasonable,
  title={The unreasonable effectiveness of data},
  author={Halevy, Alon and Norvig, Peter and Pereira, Fernando},
  journal={IEEE Intelligent Systems},
  volume={24},
  number={2},
  pages={8--12},
  year={2009},
  publisher={IEEE}
}

%Chapter 3




@Misc{scipy,
  author =    {Eric Jones and Travis Oliphant and Pearu Peterson and others},
  title =     {{SciPy}: Open source scientific tools for {Python}},
  year =      {2001--},
  url = "http://www.scipy.org/",
  note = {[Online; accessed 2017-02-28]}
}


@article{pedregosa2011scikit,
  title={Scikit-learn: Machine learning in Python},
  author={Pedregosa, Fabian and Varoquaux, Ga{\"e}l and Gramfort, Alexandre and Michel, Vincent and Thirion, Bertrand and Grisel, Olivier and Blondel, Mathieu and Prettenhofer, Peter and Weiss, Ron and Dubourg, Vincent and others},
  journal={Journal of Machine Learning Research},
  volume={12},
  number={Oct},
  pages={2825--2830},
  year={2011}
}



@article{pca,
  title={A tutorial on principal component analysis},
  author={Shlens, Jonathon},
  journal={arXiv preprint arXiv:1404.1100},
  year={2014}
}


@article{buitinck2013api,
  title={API design for machine learning software: experiences from the scikit-learn project},
  author={Buitinck, Lars and Louppe, Gilles and Blondel, Mathieu and Pedregosa, Fabian and Mueller, Andreas and Grisel, Olivier and Niculae, Vlad and Prettenhofer, Peter and Gramfort, Alexandre and Grobler, Jaques and others},
  journal={arXiv preprint arXiv:1309.0238},
  year={2013}
}


@misc{wikipedia_2017,
   author = "Wikipedia",
   title = "{K-nearest neighbors algorithm} --- {W}ikipedia{,} The Free Encyclopedia",
   year = "2017",
   howpublished = {\url{https://en.wikipedia.org/wiki/K-nearest_neighbors_algorithm\#/media/File:KnnClassification.svg}},
   note = "[Online; accessed 2017-02-28]"
 }


@misc{wikipedia_svm,
   author = "Wikipedia",
   title = "{SVM} --- {W}ikipedia{,} The Free Encyclopedia",
   year = "2017",
   howpublished = {\url{https://en.wikipedia.org/wiki/Support_vector_machine\#/media/File:Svm_separating_hyperplanes_(SVG).svg}},
   note = "[Online; accessed 2017-02-28]"
 }

@article{bergstra2012random,
  title={Random search for hyper-parameter optimization},
  author={Bergstra, James and Bengio, Yoshua},
  journal={Journal of Machine Learning Research},
  volume={13},
  number={Feb},
  pages={281--305},
  year={2012}
}


%SVM %
@inproceedings{boser1992training,
  title={A training algorithm for optimal margin classifiers},
  author={Boser, Bernhard E and Guyon, Isabelle M and Vapnik, Vladimir N},
  booktitle={Proceedings of the fifth annual workshop on Computational learning theory},
  pages={144--152},
  year={1992},
  organization={ACM}
}
@Misc{hyper,
    title={RBF SVM parameters},
    url = "\url{http://scikit-learn.org/stable/auto_examples/svm/plot_rbf_parameters.html}",
     year = 2017,
    note = {[Online; accessed 2017-02-28]}
}



%DEEEP %

@book{Goodfellow-et-al-2017,
    title={Deep Learning},
    author={Ian Goodfellow and Yoshua Bengio and Aaron Courville},
    publisher={MIT Press},
    year={2017}
}

@inproceedings{relu,
  title={Rectified linear units improve restricted boltzmann machines},
  author={Nair, Vinod and Hinton, Geoffrey E},
  booktitle={Proceedings of the 27th international conference on machine learning (ICML-10)},
  pages={807--814},
  year={2010}
}

@article{abadi2016tensorflow,
  title={Tensorflow: Large-scale machine learning on heterogeneous distributed systems},
  author={Abadi, Mart{\'\i}n and Agarwal, Ashish and Barham, Paul and Brevdo, Eugene and Chen, Zhifeng and Citro, Craig and Corrado, Greg S and Davis, Andy and Dean, Jeffrey and Devin, Matthieu and others},
  journal={arXiv preprint arXiv:1603.04467},
  year={2016}
}

@article{lecun,
  title={Backpropagation applied to handwritten zip code recognition},
  author={LeCun, Yann and Boser, Bernhard and Denker, John S and Henderson, Donnie and Howard, Richard E and Hubbard, Wayne and Jackel, Lawrence D},
  journal={Neural computation},
  volume={1},
  number={4},
  pages={541--551},
  year={1989},
  publisher={MIT Press}
}

@article{max,
  title={Image restoration using a neural network},
  author={Zhou, Y-T and Chellappa, Rama and Vaid, Aseem and Jenkins, B Keith},
  journal={IEEE Transactions on Acoustics, Speech, and Signal Processing},
  volume={36},
  number={7},
  pages={1141--1151},
  year={1988},
  publisher={IEEE}
}

@article{incept,
  author    = {Christian Szegedy and
               Vincent Vanhoucke and
               Sergey Ioffe and
               Jonathon Shlens and
               Zbigniew Wojna},
  title     = {Rethinking the Inception Architecture for Computer Vision},
  journal   = {CoRR},
  volume    = {abs/1512.00567},
  year      = {2015},
  url       = {http://arxiv.org/abs/1512.00567},
  timestamp = {Sat, 02 Jan 2016 11:38:49 +0100},
  biburl    = {http://dblp.uni-trier.de/rec/bib/journals/corr/SzegedyVISW15},
  bibsource = {dblp computer science bibliography, http://dblp.org}
}



@article{transfer,
  author    = {Jason Yosinski and
               Jeff Clune and
               Yoshua Bengio and
               Hod Lipson},
  title     = {How transferable are features in deep neural networks?},
  journal   = {CoRR},
  volume    = {abs/1411.1792},
  year      = {2014},
  url       = {http://arxiv.org/abs/1411.1792},
  timestamp = {Mon, 01 Dec 2014 14:32:13 +0100},
  biburl    = {http://dblp.uni-trier.de/rec/bib/journals/corr/YosinskiCBL14},
  bibsource = {dblp computer science bibliography, http://dblp.org}
}


@misc{ tensorflow,
   author = "Tensorflow",
    title={How to Retrain Inception's Final Layer for New Categories  |  TensorFlow},
   year = "2017",
   howpublished = "\url{ https://www.tensorflow.org/versions/master/how_tos/image_retraining/}",
   note = "[Online; accessed 2016-11-29]"
 }
 
 @misc{ gitretrain,
   author = "Tensorflow",
    title={tensorflow/retrain.py at master},
   year = "2017",
   howpublished = "\url{https://github.com/tensorflow/tensorflow/blob/master/tensorflow/examples/image_retraining/retrain.py}",
   note = "[Online; accessed 2017-03-03]"
 }






@article{adam,
  author    = {Diederik P. Kingma and
               Jimmy Ba},
  title     = {Adam: {A} Method for Stochastic Optimization},
  journal   = {CoRR},
  volume    = {abs/1412.6980},
  year      = {2014},
  url       = {http://arxiv.org/abs/1412.6980},
  timestamp = {Thu, 01 Jan 2015 19:51:08 +0100},
  biburl    = {http://dblp.uni-trier.de/rec/bib/journals/corr/KingmaB14},
  bibsource = {dblp computer science bibliography, http://dblp.org}
}


@article{dropout,
  title={Dropout: a simple way to prevent neural networks from overfitting.},
  author={Srivastava, Nitish and Hinton, Geoffrey E and Krizhevsky, Alex and Sutskever, Ilya and Salakhutdinov, Ruslan},
  journal={Journal of Machine Learning Research},
  volume={15},
  number={1},
  pages={1929--1958},
  year={2014}
}
 
 %Images%
 
@article{openCV, 
author={I. Culjak and D. Abram and T. Pribanic and H. Dzapo and M. Cifrek}, 
booktitle={2012 Proceedings of the 35th International Convention MIPRO}, 
title={A brief introduction to OpenCV}, 
year={2012}, 
pages={1725-1730}, 
keywords={C++ language;computer vision;public domain software;software libraries;C++ interface;Intel;OpenCV;image analysis;image processing;library developments;open source computer vision;open source library;video analysis;Cameras;Computer vision;Detectors;Histograms;Image edge detection;Libraries;Low pass filters}, 
month={May},}

@misc{ wiki:Convolutional,
   author = "Wikipedia",
   title = "{Max Pooling} --- {W}ikipedia{,} The Free Encyclopedia",
   year = "2017",
   howpublished = {\url{https://en.wikipedia.org/w/index.php?title=Convolutional%20neural%20network&oldid=768867528#/media/File:Max_pooling.png}},
   note = "[Online; accessed 16-March-2017]"
 }
 
 @misc{ wiki:p,
   author = "Wikipedia",
   title = "{Precision and recall} --- {W}ikipedia{,} The Free Encyclopedia",
   year = "2017",
   howpublished = {\url{https://en.wikipedia.org/wiki/Precision_and_recall}},
   note = "[Online; accessed 20-March-2017]"
 }
 
 @book{Shalev,
 author = {Shalev-Shwartz, Shai and Ben-David, Shai},
 title = {Understanding Machine Learning: From Theory to Algorithms},
 year = {2014},
 isbn = {1107057132, 9781107057135},
 publisher = {Cambridge University Press},
 address = {New York, NY, USA},
} 